@article{lupion2004grupos,
  title={Grupos de consenso: uma proposta de aprendizagem colaborativa para o processo de ensino-aprendizagem},
  author={Lupion Torres, Patr{\'\i}cia and Alcantara, Paulo R and Freitas Irala, Esrom Adriano},
  journal={Revista di{\'a}logo educacional},
  volume={4},
  number={13},
  year={2004},
  publisher={Pontif{\'\i}cia Universidade Cat{\'o}lica do Paran{\'a}}
}

@article{ramos2017trezentos,
  title={Trezentos: a dimens{\~a}o humana do m{\'e}todo},
  author={Ramos Fragelli, Ricardo and Branquinho Oliveira Fragelli, Tha{\'\i}s},
  journal={Educar em Revista},
  number={63},
  year={2017},
  publisher={Universidade Federal do Paran{\'a}}
}

@article{borges2017ensino,
  title={O ensino na educa{\c{c}}{\~a}o superior: uma an{\'a}lise da metodologia “trezentos” e sua rela{\c{c}}{\~a}o com a pedagogia hist{\'o}rico-cr{\'\i}tica},
  author={Borges, Liliam Faria Porto and Sbardelotto, Vanice Schossler},
  journal={Revista Internacional de Educa{\c{c}}{\~a}o Superior},
  volume={3},
  number={3},
  year={2017}
}
@article{fragelli2016experiencia,
  title={UMA EXPERI{\^E}NCIA DE APLICA{\c{C}}{\~A}O DO M{\'E}TODO TREZENTOS NA {\'A}REA DA SA{\'U}DE},
  author={Fragelli, Tha{\'\i}s Branquinho Oliveira and Fragelli, Ricardo Ramos},
  journal={Educa{\c{c}}{\~a}o, Ci{\^e}ncia e Sa{\'u}de},
  volume={3},
  number={1},
  pages={10},
  year={2016}
}
